<?xml version="1.0" encoding="UTF-8"?><collection xmlns="http://www.loc.gov/MARC21/slim"><record><leader>00587nam--2200193-i-4500</leader><controlfield tag="001">000022031</controlfield><controlfield tag="002">20161230</controlfield><controlfield tag="005">20161230201034</controlfield><controlfield tag="008">060222s1000------------r-----000-0-eng-d</controlfield><datafield ind1=" " ind2=" " tag="040"><subfield code="a">IFIN-HH</subfield></datafield><datafield ind1=" " ind2=" " tag="080"><subfield code="a">539.2</subfield></datafield><datafield ind1="1" ind2=" " tag="100"><subfield code="a">Goldsmith, Alexander</subfield></datafield><datafield ind1="1" ind2="0" tag="245"><subfield code="a">Handbook of thermophysical properties of solid materials</subfield><subfield code="b">Volume v. appendix</subfield><subfield code="c">Alexander goldsmith, thomas e. waterman, harry j. hirschhorn</subfield></datafield><datafield ind1=" " ind2=" " tag="250"><subfield code="a">Reised Edition</subfield></datafield><datafield ind1=" " ind2=" " tag="260"><subfield code="a">London</subfield><subfield code="b">Pergamon Press</subfield><subfield code="c">1963</subfield></datafield><datafield ind1=" " ind2=" " tag="300"><subfield code="a">286P</subfield></datafield><datafield ind1="1" ind2=" " tag="700"><subfield code="a">Hirschhorn, Harry J</subfield></datafield><datafield ind1=" " ind2=" " tag="852"><subfield code="a">16751</subfield><subfield code="c">539.2</subfield></datafield><datafield ind1=" " ind2=" " tag="CAT"><subfield code="a">Sys</subfield><subfield code="c">20121004</subfield><subfield code="h">120723</subfield></datafield></record></collection>